%YAML 1.1
%TAG !u! tag:unity3d.com,2011:
--- !u!1001 &100100000
Prefab:
  m_ObjectHideFlags: 1
  serializedVersion: 2
  m_Modification:
    m_TransformParent: {fileID: 0}
    m_Modifications: []
    m_RemovedComponents: []
  m_ParentPrefab: {fileID: 0}
  m_RootGameObject: {fileID: 1991937845254546}
  m_IsPrefabParent: 1
--- !u!1 &1991937845254546
GameObject:
  m_ObjectHideFlags: 0
  m_PrefabParentObject: {fileID: 0}
  m_PrefabInternal: {fileID: 100100000}
  serializedVersion: 5
  m_Component:
  - component: {fileID: 4058892341505830}
  - component: {fileID: 33989656940018452}
  - component: {fileID: 23577448643798550}
  m_Layer: 0
  m_Name: camperKid2
  m_TagString: Untagged
  m_Icon: {fileID: 0}
  m_NavMeshLayer: 0
  m_StaticEditorFlags: 0
  m_IsActive: 1
--- !u!4 &4058892341505830
Transform:
  m_ObjectHideFlags: 1
  m_PrefabParentObject: {fileID: 0}
  m_PrefabInternal: {fileID: 100100000}
  m_GameObject: {fileID: 1991937845254546}
  m_LocalRotation: {x: -0, y: -0.7071068, z: 0, w: 0.7071068}
  m_LocalPosition: {x: -0.84859264, y: 0.729, z: -2.22}
  m_LocalScale: {x: 1.0408722, y: 1.0408722, z: 1.0408722}
  m_Children: []
  m_Father: {fileID: 0}
  m_RootOrder: 0
  m_LocalEulerAnglesHint: {x: 0, y: 0, z: 0}
--- !u!23 &23577448643798550
MeshRenderer:
  m_ObjectHideFlags: 1
  m_PrefabParentObject: {fileID: 0}
  m_PrefabInternal: {fileID: 100100000}
  m_GameObject: {fileID: 1991937845254546}
  m_Enabled: 1
  m_CastShadows: 1
  m_ReceiveShadows: 1
  m_DynamicOccludee: 1
  m_MotionVectors: 1
  m_LightProbeUsage: 1
  m_ReflectionProbeUsage: 1
  m_Materials:
  - {fileID: 2100000, guid: ce9bcef0890810f4cb34d5fbc41fd548, type: 2}
  - {fileID: 2100000, guid: 10ef5492028b2be4a8d5bb8ba7503f9f, type: 2}
  - {fileID: 2100000, guid: c758bdf97394509459ba82cebca73433, type: 2}
  - {fileID: 2100000, guid: 900dcfad4de469b43a9a5b8ade100c2c, type: 2}
  - {fileID: 2100000, guid: 8ac904003139e5743bdb47df9e45b146, type: 2}
  - {fileID: 2100000, guid: 8ac904003139e5743bdb47df9e45b146, type: 2}
  - {fileID: 2100000, guid: 8ac904003139e5743bdb47df9e45b146, type: 2}
  - {fileID: 2100000, guid: 8ac904003139e5743bdb47df9e45b146, type: 2}
  - {fileID: 2100000, guid: ad0331446cbfbb546a57ce3ae3f0acfc, type: 2}
  - {fileID: 2100000, guid: 8ac904003139e5743bdb47df9e45b146, type: 2}
  - {fileID: 2100000, guid: 657e6a2fa56d6a1428d0ec3c3ae8584b, type: 2}
  - {fileID: 2100000, guid: 10ef5492028b2be4a8d5bb8ba7503f9f, type: 2}
  - {fileID: 2100000, guid: c758bdf97394509459ba82cebca73433, type: 2}
  - {fileID: 2100000, guid: 900dcfad4de469b43a9a5b8ade100c2c, type: 2}
  - {fileID: 2100000, guid: 657e6a2fa56d6a1428d0ec3c3ae8584b, type: 2}
  - {fileID: 2100000, guid: ad0331446cbfbb546a57ce3ae3f0acfc, type: 2}
  - {fileID: 2100000, guid: ad0331446cbfbb546a57ce3ae3f0acfc, type: 2}
  - {fileID: 2100000, guid: 657e6a2fa56d6a1428d0ec3c3ae8584b, type: 2}
  m_StaticBatchInfo:
    firstSubMesh: 0
    subMeshCount: 0
  m_StaticBatchRoot: {fileID: 0}
  m_ProbeAnchor: {fileID: 0}
  m_LightProbeVolumeOverride: {fileID: 0}
  m_ScaleInLightmap: 1
  m_PreserveUVs: 0
  m_IgnoreNormalsForChartDetection: 0
  m_ImportantGI: 0
  m_StitchLightmapSeams: 0
  m_SelectedEditorRenderState: 3
  m_MinimumChartSize: 4
  m_AutoUVMaxDistance: 0.5
  m_AutoUVMaxAngle: 89
  m_LightmapParameters: {fileID: 0}
  m_SortingLayerID: 0
  m_SortingLayer: 0
  m_SortingOrder: 0
--- !u!33 &33989656940018452
MeshFilter:
  m_ObjectHideFlags: 1
  m_PrefabParentObject: {fileID: 0}
  m_PrefabInternal: {fileID: 100100000}
  m_GameObject: {fileID: 1991937845254546}
  m_Mesh: {fileID: 4300000, guid: f7565ae360ea00c448426b2b9dfd4f1b, type: 3}
